<record><leader>00000cas a2200000 a 4500</leader><controlfield tag="001">13311847</controlfield><controlfield tag="008">860319d18121814scudn ne      0   a0eng c</controlfield><datafield ind1=" " ind2=" " tag="010"><subfield code="a">sn 86053196 </subfield></datafield><datafield ind1=" " ind2=" " tag="040"><subfield code="a">NPX</subfield><subfield code="b">eng</subfield><subfield code="c">NPX</subfield><subfield code="d">DLC</subfield><subfield code="d">MGN</subfield><subfield code="d">KNP</subfield><subfield code="d">MGN</subfield><subfield code="d">HUL</subfield><subfield code="d">YOX</subfield><subfield code="d">IUL</subfield><subfield code="d">SVN</subfield><subfield code="d">NVK</subfield><subfield code="d">OBN</subfield><subfield code="d">DLC</subfield><subfield code="d">OCL</subfield><subfield code="d">CVF</subfield><subfield code="d">NYS</subfield><subfield code="d">KRTAS</subfield><subfield code="d">OCLCQ</subfield><subfield code="d">OCLCF</subfield><subfield code="d">OCLCO</subfield><subfield code="d">DLC</subfield></datafield><datafield ind1="0" ind2=" " tag="022"><subfield code="a">2575-2235</subfield><subfield code="2">1</subfield></datafield><datafield ind1=" " ind2=" " tag="042"><subfield code="a">pcc</subfield><subfield code="a">nsdp</subfield></datafield><datafield ind1=" " ind2=" " tag="043"><subfield code="a">n-us-sc</subfield></datafield><datafield ind1="1" ind2="0" tag="050"><subfield code="a">ISSN RECORD</subfield></datafield><datafield ind1="0" ind2=" " tag="130"><subfield code="a">Investigator (Charleston, S.C. : Daily)</subfield></datafield><datafield ind1=" " ind2="4" tag="222"><subfield code="a">The investigator</subfield><subfield code="b">(Charleston, S.C. Daily)</subfield></datafield><datafield ind1="1" ind2="4" tag="245"><subfield code="a">The investigator.</subfield></datafield><datafield ind1=" " ind2=" " tag="260"><subfield code="a">Charleston [S.C.] :</subfield><subfield code="b">John Mackey, &amp; Co.,</subfield><subfield code="c">1812-</subfield></datafield><datafield ind1=" " ind2=" " tag="300"><subfield code="a">v. ;</subfield><subfield code="c">44 cm.</subfield></datafield><datafield ind1=" " ind2=" " tag="310"><subfield code="a">Daily (except Sun. and Holidays)</subfield></datafield><datafield ind1="0" ind2=" " tag="362"><subfield code="a">Vol. 1, no. 1 (Aug. 22, 1812)-</subfield></datafield><datafield ind1="1" ind2=" " tag="362"><subfield code="a">Ceased with Feb. 12, 1814 issue.</subfield></datafield><datafield ind1=" " ind2=" " tag="500"><subfield code="a">Motto: "Think of your ancestors, and your posterity."--Dickinson.</subfield></datafield><datafield ind1=" " ind2=" " tag="530"><subfield code="a">Available on microfilm from Readex Microprint Corp. as part of the Early American Newspapers series.</subfield></datafield><datafield ind1=" " ind2="0" tag="651"><subfield code="a">Charleston (S.C.)</subfield><subfield code="v">Newspapers.</subfield></datafield><datafield ind1=" " ind2="0" tag="651"><subfield code="a">Charleston County (S.C.)</subfield><subfield code="v">Newspapers.</subfield></datafield><datafield ind1=" " ind2="7" tag="651"><subfield code="a">South Carolina</subfield><subfield code="z">Charleston.</subfield><subfield code="2">fast</subfield><subfield code="0">(OCoLC)fst01204603</subfield></datafield><datafield ind1=" " ind2="7" tag="651"><subfield code="a">South Carolina</subfield><subfield code="z">Charleston County.</subfield><subfield code="2">fast</subfield><subfield code="0">(OCoLC)fst01210029</subfield></datafield><datafield ind1=" " ind2="7" tag="655"><subfield code="a">Newspapers.</subfield><subfield code="2">fast</subfield><subfield code="0">(OCoLC)fst01423814</subfield></datafield><datafield ind1=" " ind2=" " tag="752"><subfield code="a">United States</subfield><subfield code="b">South Carolina</subfield><subfield code="c">Charleston</subfield><subfield code="d">Charleston.</subfield></datafield><datafield ind1="1" ind2=" " tag="775"><subfield code="t">Investigator (Charleston, S.C. : Triweekly)</subfield><subfield code="w">(DLC)sn 86053199</subfield><subfield code="w">(OCoLC)13312193</subfield></datafield><datafield ind1="0" ind2="0" tag="785"><subfield code="t">Charleston investigator</subfield><subfield code="w">(DLC)sn 86053197</subfield><subfield code="w">(OCoLC)13311864</subfield></datafield><datafield ind1=" " ind2=" " tag="938"><subfield code="a">Kirtas Technologies, Inc.</subfield><subfield code="b">KRTS</subfield><subfield code="n">739563</subfield></datafield><datafield ind1="1" ind2=" " tag="029"><subfield code="a">AU@</subfield><subfield code="b">000021316685</subfield></datafield></record>